2909 4875
635 868 2506 1016 .ARG'.U‚MENTUM·

577 1123 629 1178 1.
667 1114 927 1169 Gallorum
951 1115 1118 1168 multae
1142 1126 1316 1186 gentes
1340 1116 1401 1169 de
1425 1115 1546 1171 bello
1574 1119 1871 1180 renovando
1893 1119 2090 1187 confilia
2125 1121 2314 1174 ineunt.
2355 1123 2462 1174 111.
2493 1121 2746 1175 Carnutes
2776 1127 2781 1134 '

637 1194 883 1264 plurimos
901 1190 1045 1247 cives
1074 1194 1317 1247 Romanos
1335 1194 1704 1267 Genahisubito
1719 1196 1961 1251 occidunt.
1997 1234 2001 1238 -
2035 1199 2133 1253 IV.
2158 1196 2533 1268 Vercingetorix
2548 1199 2747 1251 clientes

627 1275 751 1344 suos
773 1274 849 1325 ad
874 1273 1050 1326 bellum
1074 1273 1329 1338 incendit3
1365 1273 1525 1344 eique,
1567 1274 1843 1327 multarum
1861 1276 2084 1346 gentium
2107 1280 2351 1349 consensu,
2387 1277 2622 1344 defertur
2650 1278 2741 1329 im-

637 1349 861 1418 perium.
937 1351 1097 1401 VIII.
1139 1349 1307 1420 Cesar
1334 1350 1600 1403 Arvernos
1621 1349 1791 1420 subitb
1834 1351 2047 1404 invadit
2081 1357 2137 1405 ἐφ’
2173 1353 2426 1423 opprimit.
2500 1356 2575 1404 X.
2620 1355 2742 1404 Ver·

642 1425 923 1495 cingetorix
947 1426 1265 1494 Gergoviam
1284 1426 1514 1478 Boiorum
1530 1436 1814 1496 oppugnat,
1800 1450 1812 1462 ·
1830 1446 1936 1498 quo
1952 1446 2072 1487 eum
2080 1430 2353 1499 insequitur
2373 1431 2559 1500 Caesar‘.
2638 1431 2744 1482 XI.

646 1504 818 1572 Caesar
834 1501 1251 1555 Vellaunodunum
1278 1505 1334 1553 ἔθ’
1360 1500 1621 1554 Cenabum
1639 1513 1914 1572 expugnat.
1987 1507 2122 1557 XII.
2151 1505 2529 1574 Vercingetorix
2553 1515 2743 1574 oppug-

642 1578 845 1629 natione
884 1576 1159 1645 Gergoviae
1202 1575 1376 1645 desistit
1394 1599 1424 1628 .·-·
1466 1579 1636 1648 Caesar
1660 1579 2014 1632 Noviodunum
2050 1592 2285 1651 occupat3
2327 1579 2747 1657 Vercingetorigis

641 1662 918 1721 equitatum
921 1652 1129 1722 fugat
1159 1651 1447 1704 Avaricum
1466 1653 1660 1720 obfidet.
1736 1657 1900 1708 XIII.
1932 1650 2347 1726 Vercingetorigis
2365 1657 2571 1724 consilio,
2594 1657 2747 1709 urbes

640 1728 949 1817 Biturigum,
969 1741 1024 1780 ut
1044 1728 1256 1779 Romani
1273 1740 1542 1780 commeatu
1553 1730 1938 1798 prohibeantur
1967 1732 2317 1785 incenduntur.
2391 1735 2546 1785 XVI.
2571 1735 2747 1805 Caesar

639 1820 833 1874 magna
851 1823 926 1859 ret
919 1801 1291 1870 frumentaria·
1314 1804 1602 1870 dfficultate
1614 1806 1834 1859 laborat.
1897 1809 2081 1861 XVII.
2110 1808 2378 1862 Exercitus
2394 1809 2633 1879 utrinque
2648 1819 2746 1878 ap-

634 1881 998 1951 propinquant,
1019 1893 1106 1932 nec
1124 1890 1292 1932 tamen
1309 1879 1561 1950 proelium
1561 1883 1916 1936 conmittitur.
1989 1885 2149 1938 XIX.
2176 1886 2567 1954 ‘Vercingetorix
2589 1882 2748 1955 a-flais

634 1957 935 2027 proditionis
952 1956 1343 2028 insimulatus,se
1353 1963 1568 2026 purgat.
1642 1962 1799 2011 XXI.
1830 1961 2001 2032 Caesar
2012 1961 2300 2014 Avaricum
2318 1970 2609 2029 oppugnare
2617 1971 2747 2030 per-

635 2034 740 2103 git.
815 2037 1004 2088 XXII.
1062 2036 1328 2087 Murorum
1366 2035 1675 2088 Gallicorum
1701 2036 1902 2105 forma„
1976 2041 2195 2093 XXIII.
2239 2041 2408 2108 Caesar
2449 2040 2751 2091 Avaricum

643 2108 839 2181 m'agnc‘z'
855 2111 1057 2164 virtute
1074 2111 1341 2187 defensum,
1376 2112 1575 2163 tandem
1594 2122 1870 2182 expugnat.
1945 2116 2213 2167 XXVIII.
2244 2114 2628 2182 Vercingetorix
2623 2116 2751 2185 ficos

639 2189 939 2260 consolatur.
1012 2191 1223 2241 XXIX
1262 2188 1344 2240 Ad
1363 2188 1540 2240 bellum
1563 2191 1838 2258 majoribus
1859 2192 2011 2262 copiis
2045 2193 2395 2245 renovandum
2413 2194 2475 2262 se
2497 2191 2750 2261 accingit.

642 2267 829 2318 XXX.
871 2267 1040 2337 Caesar
1056 2265 1308 2334 intestinas
1326 2265 1607 2317 AEduorum
1631 2266 1809 2319 turbas
1833 2269 2104 2339 compescit.
2182 2269 2425 2320 XXXII.
2453 2266 2660 2320 Deinde
2676 2266 2759 2320 ad

645 2341 973 2429 Gergo⁴·viam⁴
985 2341 1357 2402 Arvernorum,
1390 2341 1665 2393 exercitum
1690 2343 1856 2395 ducit.
1929 2344 2201 2398 XXXIII.
2240 2343 2309 2395 Et
2318 2344 2511 2427 flumen
2533 2343 2755 2396 Elaver

642 2418 754 2485 astu
796 2417 1014 2486 trajicit.
1066 2406 1333 2469 XXXIV.
1372 2415 1648 2489 Colle‘mque
1687 2419 1954 2482 munitum,
1984 2428 2141 2489 prope
2174 2417 2363 2482 urbem,
2407 2408 2460 2471 in
2488 2419 2757 2492 conspeetu

644 2493 1080 2564 Vercingetorigis,
1114 2497 1259 2545 ιιοέῗιι
1298 2491 1525 2563 occupat.
1598 2493 1828 2548 XXXV.
1866 2494 2072 2549 Interea
2107 2494 2328 2548 AEdui
2292 2514 2329 2547 a
2350 2492 2589 2548 Romanis
2616 2496 2751 2565 defi-

620 2618 623 2626 .
645 2589 761 2625 cere
776 2571 1054 2640 instituunt.
1126 2572 1449 2623 XXXVIII.
1492 2564 1705 2641 Caesaris
1722 2581 1888 2624 autem
1905 2567 2182 2641 prudentia
2202 2574 2258 2624 ἐφ’
2278 2571 2550 2634 celeritate,
2587 2575 2766 2642 quod-

645 2665 733 2700 am
759 2649 893 2699 modo
904 2656 1182 2716 pacantur.
1256 2647 1409 2698 XLI.
1448 2648 1618 2716 Caesar
1634 2656 1788 2717 prope
1807 2648 2153 2719 Gergoviam,
2180 2647 2329 2699 trinis
2346 2647 2543 2716 hostium
2561 2650 2759 2717 castris

630 2725 1006 2796 stratagemate
1048 2724 1262 2793 potitur.
1336 2724 1537 2775 XLIV.
1594 2724 1824 2787 Romani,
1878 2725 2107 2793 oppidum
2158 2724 2373 2795 avidius
2411 2724 2760 2794 invadentes,

644 2799 838 2870 magna*
856 2816 963 2852 cum
988 2799 1129 2852 clade
1144 2798 1474 2869 repelluntur.
1547 2801 1753 2852 XLIX.
1785 2801 1959 2871 Caesar¹⁴
1977 2799 2309 2854 temeritatem
2325 2798 2539 2851 militum
2556 2810 2758 2869 repre-

645 2876 838 2932 hendit.
885 2889 888 2890 ’
910 2879 976 2930 L.
997 2879 1065 2930 'In
1084 2873 1275 2929 AEduos
1298 2876 1466 2946 castra
1483 2887 1673 2929 movet.
1706 2876 1847 2929 'LIL
1876 2876 2230 2930 Nfflviodunum
2255 2875 2289 2928 ἃ
2307 2876 2518 2945 perfidis
2550 2877 2761 2929 AEduis

642 2962 935 3023 occupatum
983 2952 1282 3005 incenditur.
1357 2953 1506 3014 LIV.
1553 2950 1823 3016 Labienus,
1882 2952 2029 3004 rebus
2070 2950 2308 3023 prospere
2342 2951 2485 3019 apud
2520 2951 2766 3021 Parifios

635 3029 808 3098 gestis,
844 3028 919 3080 ad
957 3030 1208 3099 Caesareni
1219 3045 1327 3079 cum
1346 3027 1566 3079 omnibus
1598 3027 1746 3097 copiis
1764 3028 2074 3081 revertitur.
2146 3028 2323 3083 LVII.
2346 3027 2636 3080 AEduorum
2657 3047 2758 3082 ex·-

646 3104 824 3173 emplo,
863 3104 1008 3157 Galli
1026 3103 1150 3171 sere
1174 3120 1335 3156 omnes
1359 3122 1394 3155 a
1422 3103 1657 3155 Romanis
1679 3097 1928 3181 deficiunt.
2003 3105 2211 3156 LVIII.
2251 3104 2434 3156 Eorum
2451 3113 2768 3172 apparatus

642 3181 721 3231 ad
764 3179 960 3232 bellum.
1033 3182 1186 3233 LIX.
1220 3168 1403 3233 Duce
1434 3180 1853 3249 Vercingetorige,
1901 3182 2144 3250 Caesarem
2169 3178 2220 3232 in
2246 3179 2520 3247 Lingonum
2545 3177 2769 3247 finibus

640 3255 1031 3324 aggrediuntur.
1105 3257 1257 3308 LXI.
1317 3256 1385 3308 Et
1416 3255 1609 3326 magnei
1651 3274 1760 3307 cum
1782 3257 2191 3326 caedefugantur.
2264 3256 2446 3307 LXII.
2476 3256 2663 3325 Caesar
2680 3275 2769 3311 eos

633 3332 740 3383 vd
749 3332 970 3399 Alesiam
985 3330 1463 3403 usqueinfeqttitur:
1518 3333 1751 3384 Lxffl.
1769 3334 1979 3400 -Alffiae
1990 3331 2285 3417 defiriptim
2341 3333 2445 3382 Lx-
2453 3331 2550 3381 IV.
2598 3327 2772 3388 &alli

638 3406 827 3475 proelio
848 3409 1056 3478 equestri
1054 3410 1391 3479 superantur.
1465 3397 1636 3460 LXV.
1667 3408 2048 3477 Vercingetorix
2065 3408 2336 3478 equitatum
2342 3408 2490 3477 suum
2505 3406 2766 3463 dimittit.

643 3481 829 3535 LXVI
835 3520 866 3535 ‚,
893 3486 1063 3553 Caesar
1087 3483 1296 3550 Alesiam
1319 3483 1704 3536 circumvallat.
1755 3485 2019 3536 LXVIII.
2061 3482 2314 3552 Suzimque
2329 3484 2445 3533 item
2463 3483 2773 3539 exercitum

643 3557 761 3611 alid
811 3559 1079 3612 munitione
1114 3569 1290 3611 contra
1327 3559 1623 3611 exteriorem
1656 3558 1825 3627 hostem
1865 3557 2250 3610 circumvallat.
2321 3558 2530 3618 LXIX.
2577 3561 2772 3624 Galli,

645 3635 938 3688 convocatis
952 3635 1167 3705 undique
1182 3633 1412 3697 auxiliis,
1446 3633 1680 3701 obfidione
1681 3636 1801 3704 suos
1816 3633 2038 3686 liberare
2053 3642 2315 3685 conantur.
2388 3632 2579 3684 LXXI
2589 3672 2606 3684 .
2635 3636 2773 3689 Cri..

646 3712 863 3781 tognati,
919 3710 971 3763 in
1007 3709 1169 3778 Alefid
1204 3709 1307 3781 obs
1283 3710 1373 3774 ffi
1429 3710 1554 3776 cons
1553 3709 1692 3772 lium
1765 3709 1826 3760 de
1857 3710 2066 3779 suorum
2097 3706 2379 3777 corporibus
2413 3708 2772 3765 comedendis

559 3829 568 3844 .
642 3787 885 3842 LXXII.
929 3787 1072 3839 Galli
1104 3787 1246 3838 intra
1274 3783 1523 3855 extraque
1552 3785 1780 3855 oppidum
1802 3785 1866 3853 se
1889 3786 1962 3835 ad
1976 3785 2219 3835 Romanos
2249 3781 2481 3851 utrinque
2495 3788 2773 3852 aggredi-

642 3864 792 3916 endos
824 3872 1106 3934 apparant.
1178 3862 1445 3912 LXXIII.
1483 3861 1729 3912 Proelium
1755 3861 1984 3928 equestre,
2021 3859 2075 3910 in
2090 3877 2179 3929 quo
2199 3857 2411 3909 Romani
2425 3858 2776 3927 superiores.

546 3942 550 3946 ’
592 3919 903 3994 LXXIV.
923 3936 1067 3991 Galli
1086 3937 1324 3988 Romanos
1327 3935 1490 4005 semel
1500 3945 1650 4006 atque
1664 3946 1844 3987 iterum
1859 3935 2086 4003 aggregffi,
2106 3931 2431 4001 repelluntur.
2469 3934 2773 3991 LXXXI.

643 4010 868 4065 ‘Tandem
891 4012 1103 4064 Romani
1124 4029 1191 4063 ex
1205 4010 1676 4080 munitionibussuis
1693 4019 2018 4078 erumpentes,
2055 4008 2228 4060 Gallos
2244 4005 2436 4076 ingenti
2448 4008 2748 4098 cumstrag
2747 4031 2780 4064 e

626 4088 848 4155 sugant.
920 4088 1210 4139 LXXXII.
1250 4085 1485 4152 Alefia&
1505 4085 1881 4170 Vercingetorix
1899 4083 2167 4136 deduntur.
2242 4082 2574 4139 LXXXIII.
2623 4079 2788 4144 Ite»

645 4162 829 4229 AEdui‚
862 4161 1068 4234 aliique.
1139 4161 1366 4234 Denique
1385 4164 1553 4235 Caesar
1568 4159 1814 4233 legiones
1795 4178 1852 4216 ιιι
1870 4160 2083 4216 hiberna
2096 4158 2275 4214 mittit.
