2909 4875
625 296 738 361 bE
805 282 1124 358 Ber-Lo·
1191 273 1961 353 ALExxuansro:
2454 255 2594 356 387

177 432 302 507 laec
317 446 438 507 fuit
462 447 745 527 vestigah
789 449 975 526 majus
1007 446 1197 507 tamen
1227 451 1279 486 ²³
1311 448 1543 508 creabat
1561 434 1796 507 odium.
1881 444 1995 504 His
2023 442 2193 502 rebus
2219 458 2356 498 con·
2374 443 2498 487 Ante
2520 438 2635 485 Chr.

181 532 372 603 scetis,
419 547 608 592 totum
635 535 952 593 exercitum
979 534 1177 592 lustrat
1201 555 1215 591 ε
1260 535 1572 612 LegioneS,
1604 555 1745 611 quas
1773 533 1836 589 in
1860 531 2119 589 Africam
2149 520 2683 615 duRu-Uffgffflm

179 637 281 676 rus
300 631 448 689 erat,
494 626 546 677 δε
573 620 813 689 auxilia,-
858 619 1044 678 mittit
1070 623 1127 659 ²4
1153 620 1227 678 ad
1255 621 1592 695 Trajec'tum
1617 641 1632 677 ι
1692 618 1840 695 Ipse,
1903 616 2129 674 classem
2175 632 2352 691 quam
2411 649 2475 680 nc
2488 649 2579 679 c„
2590 649 2633 678 1,

177 703 429 779 parabat
474 718 538 761 ut
579 704 906 783 inspiceret,
951 704 1246 781 Hispalim
1296 694 1551 761 accedit:
1597 701 1807 781 Ibique
1836 714 2091 759 moratur
2116 722 2133 768 3
2177 705 2349 775 prop-
2378 711 2687 774 μαψ-ι

177 802 350 853 πει-εει,
369 786 530 864 quod
550 788 804 846 edietum
831 786 956 846 tota
974 787 1278 864 provincia
1302 786 1696 864 proposuerat,
1731 800 1816 854 ut,
1846 784 2058 862 quibus
2085 780 2356 861 pecunias

175 871 534 949 imperasset,
578 892 765 951 neque
810 872 1203 942 contulissent,
1247 872 1302 930 se
1345 871 1595 930 adirent.
1683 872 1830 949 Qae
1857 867 2143 937 evocatio,
2182 866 2353 928 vehe-

178 971 413 1015 menter
445 970 645 1016 omnes
673 961 724 995 2⁵
755 956 1141 1034 perturbavit.
1333 962 1340 968 ’

258 1041 573 1099 Ina-anm
600 1040 672 1099 L.
699 1042 925 1111 Titius,
969 1041 1094 1120 qui·
1117 1061 1187 1100 eo
1229 1054 1488 1120 tempore
1526 1039 1792 1103 tribunus
1829 1038 2085 1098 militum
2112 1035 2360 1115 legionis
2384 1031 2413 1088 S
2447 1034 2627 1081 XLIV·

171 1125 506 1183 vernacula:
532 1124 744 1194 fuerat,
786 1125 841 1157 ²⁶
870 1124 1110 1183 nunciat
1136 1124 1293 1183 fama
1319 1123 1610 1203 legionem
1639 1145 1788 1194 xxx,
1834 1143 2007 1201 quam
2036 1125 2128 1199 Q
2146 1121 2358 1179 Caffius
2381 1099 2688 1212 Ζζῗὲζίῖζὲξ

175 1208 414 1285 legatus
442 1207 607 1270 simul
634 1206 924 1277 ducebat3
967 1227 1149 1285 quum
1170 1211 1224 1245 ²⁷
1253 1207 1500 1285 Ilurgim
1548 1207 1621 1266 ad
1669 1206 1950 1286 oppidum
1978 1207 2152 1263 castra
2178 1204 2356 1261 habe·
2379 1242 2475 1275 m,

175 1306 291 1360 ret,
326 1290 616 1350 seditione
643 1291 815 1361 facta,
860 1291 1300 1350 centurionibus
1323 1293 1552 1369 aliquot
1567 1293 1759 1350 occisis
1777 1292 1879 1369 qui
1907 1292 2065 1368 signa
2086 1289 2217 1348 tolli
2238 1308 2357 1347 non

175 1369 585 1448 patiebantur,
629 1369 915 1427 discefliss‘e
939 1394 957 1440 ;
977 1396 980 1401 ·
1002 1376 1055 1428 δε
1079 1371 1156 1441 ad
1188 1391 1240 1427 11
1274 1371 1567 1448 legionem
1587 1370 1960 1439 contendisse,
1985 1390 2111 1447 quae
2140 1367 2212 1425 ad
2239 1367 2354 1425 frea

176 1470 309 1513 tum
349 1454 470 1513 alio
502 1451 714 1511 itinere
757 1452 1098 1511 ducebatur.
1187 1454 1445 1531 Cognita
1468 1474 1551 1522 re,
1576 1456 1765 1511 postu
1792 1473 1926 1511 cum
1954 1472 1991 1510 v
2020 1451 2356 1511 cohortibus

175 1540 820 1599 undevicefimanorum
850 1537 903 1570 ²⁸
932 1539 1230 1617 egreditur
1254 1561 1268 1596 ε
1315 1537 1498 1597 Mane
1524 1539 1807 1616 pervenit.
1890 1538 1983 1596 Ibi
2011 1559 2144 1597 eum
2172 1538 2354 1606 diem,

176 1640 246 1684 ut
264 1624 419 1703 quid
437 1637 708 1701 ageretur
726 1622 1093 1701 perspiceret,
1127 1639 1384 1681 moratus
1403 1648 1421 1694 3
1454 1624 1808 1683 Car-monam
1830 1624 2152 1683 contendit.
2211 1624 2355 1694 Hic,

170 1731 367 1788 quum
395 1710 555 1787 legio
584 1729 711 1767 xxx
743 1716 794 1767 δε
821 1730 960 1780 xxx,
1003 1713 1059 1750 ²⁹
1088 1715 1139 1768 «Sc
1180 1711 1441 1770 cohortes
1483 1731 1551 1767 ιν
1592 1731 1663 1768 ex
1704 1731 1742 1768 v
1787 1711 2040 1789 legione,
2087 1711 2359 1788 totusque

159 1793 537 1863 ¹convenisset
562 1793 897 1871 equitatus3
942 1793 1106 1852 audit
1137 1813 1205 1851 ιν
1229 1795 1490 1853 cohor'tes
1538 1792 1573 1851 ὲ
1611 1795 1932 1852 vernaculis
1971 1797 2252 1872 oppressas
2281 1796 2356 1854 ad

175 1879 545 1947 Obuculam,
590 1897 723 1936 cum
751 1876 840 1934 his
870 1877 942 1935 ad
991 1877 1299 1936 secundam
1345 1878 1660 1957 pervenisse
1686 1879 2002 1957 legionem,
2045 1879 2358 1957 omnesque

168 1963 267 2022 ibi
319 1962 377 2020 se
424 1961 822 2038 conjunxisse3
868 1967 918 2019 δε
946 1961 1030 2019 Τ.
1062 1963 1331 2021 Thorum
1373 1962 1762 2033 Italicensem,
1805 1963 2013 2022 ducem
2058 1964 2354 2042 delegisse.

168 2049 473 2108 Celeriter
497 2047 702 2106 habito
724 2047 996 2117 concilio,
1021 2049 1370 2107 Marcellum
1389 2047 1749 2118 Cordubam,
1775 2065 1839 2107 ut
1857 2071 1984 2108 eam
2005 2049 2064 2108 in
2082 2053 2360 2129 potestate

169 2134 461 2192 retineret
482 2157 501 2204 3
538 2133 895 2210 QCaflium
923 2133 1206 2209 legatum,
1242 2132 1536 2209 Hispalim
1551 2130 1765 2201 mittit.
1850 2136 2052 2193 Paucis
2073 2136 2128 2193 ei
2149 2137 2357 2198 diebus

168 2221 445 2288 affertur,
488 2233 843 2276 conventum
867 2217 1308 2280 ,Cordubensem
1327 2219 1400 2275 ab
1422 2239 1492 2275 eo
1514 2217 1776 2277 defecisse
1805 2245 1823 2289 ;
1858 2222 2356 2301 ,Marcellumquea

169 2318 282 2372 aut
309 2305 614 2362 voluntate
641 2317 743 2360 aut
770 2302 1087 2360 necestitate
1110 2302 1442 2372 adduEtum,
1473 2304 1749 2380 (namque
1770 2304 1834 2363 id
1856 2304 2015 2363 varie
2038 2309 2361 2375 nunciaba-

162 2390 324 2464 tur‚)
373 2386 698 2446 consentire
741 2406 875 2446 cum
905 2385 1407 2446 Cordubensibus:
1459 2405 1510 2444 11
1543 2387 1803 2447 cohortes
1843 2389 2090 2470 legionis
2122 2412 2184 2463 v,
2229 2415 2359 2472 quae

161 2475 414 2533 fuerant
440 2471 732 2531 Cordubae
778 2471 843 2530 in
886 2471 1167 2549 praefidio,
1211 2471 1367 2529 idem
1396 2472 1605 2531 facere.
1693 2473 1907 2534 Caffius
1948 2477 2036 2535 his
2063 2479 2233 2539 rebus
2259 2481 2354 2539 in-

158 2560 401 2629 census,
443 2572 640 2616 movet
665 2558 841 2615 castra
865 2581 883 2627 ;
930 2563 980 2613 &
1011 2557 1229 2634 postero
1258 2556 1353 2615 die
1383 2558 1691 2635 Segoviam
1720 2559 1793 2617 ad
1820 2561 2035 2620 flumen
2077 2563 2354 2624 Silicense

159 2646 382 2706 venit.'
444 2643 540 2701 Ibi
560 2642 761 2702 habita
782 2644 1081 2712 concione,
1133 2642 1390 2701 militum
1430 2657 1616 2701 tentat
1644 2644 1898 2703 animos:
1947 2648 2112 2725 Qos
2132 2666 2351 2727 cogno·-

161 2730 284 2790 scit
309 2748 431 2787 non
458 2726 580 2797 sua,
625 2726 721 2785 sed
749 2726 990 2784 Caesaris
1031 2725 1285 2784 absentis
1314 2725 1534 2795 caussa,
1579 2725 1683 2783 fibi
1714 2726 1998 2786 fidissimos
2028 2731 2172 2801 esse5
2217 2735 2351 2791 nul-

160 2815 420 2893 lumque
440 2811 768 2891 periculum
789 2810 1217 2890 deprecatumS,
1261 2811 1402 2870 dum
1429 2832 1534 2891 per
1559 2827 1655 2870 eos
1687 2810 1898 2871 Caesari
1923 2810 2223 2891 provincia
2261 2839 2350 2878 re-
2403 2853 2421 2867 ο

159 2900 527 2960 stitueretur.
1286 2946 1288 2954 ,

1113 2980 1165 3040 C
1207 3000 1239 3040 c
1279 3001 1314 3041 2
2040 2981 2347 3049 Inuum

242 3198 312 3249 ²3
351 3179 614 3251 Creabat]
650 3181 759 3234 MS
789 3182 927 3250 Reg.
974 3177 1242 3249 crescebat.
1280 3173 1648 3258 Glandorpius·
1681 3178 1887 3248 Ilipam,
1926 3181 2158 3253 Scaliger
2202 3182 2345 3237 Ilur-

161 3252 285 3308 MS
315 3252 497 3318 voffii,
530 3251 809 3321 corrupt&
850 3248 1105 3303 credebat.
1274 3250 1404 3317 gim.
1479 3250 1522 3302 F
1525 3251 1617 3300 ieri
1642 3260 1815 3300 tamen
1852 3253 2038 3335 potest,
2075 3270 2136 3306 ut
2184 3253 2349 3307 fuerit

245 3340 319 3388 24
379 3323 465 3375 Ad
511 3321 844 3391 *TrajeHume
902 3319 967 3371 ad
1046 3319 1247 3371 Fretum
1282 3318 1440 3371 etiam
1504 3319 1559 3371 in
1631 3319 1882 3387 Hispania
1939 3324 2067 3376 urbs
2132 3325 2345 3378 nomine

161 3392 504 3447 Herculeum.
557 3394 634 3445 Ut
658 3390 882 3462 conjecit
907 3388 1243 3453 Ciacconius,
1282 3389 1475 3458 Leptis,
1529 3386 1655 3444 licet
1698 3390 2029 3460 Geographis
2068 3410 2173 3448 non
2226 3413 2339 3462 me-

159 3464 431 3535 probante
451 3461 700 3515 Cellario.
802 3532 814 3543 .
1175 3509 1179 3514 ,
1280 3470 1500 3512 morata.
1648 3528 1659 3541 .

154 3613 231 3657 tu
234 3551 335 3654 r²b⁵a
336 3531 742 3656 gitur-bavit]
764 3534 848 3585 Sic
863 3532 970 3584 MS
986 3530 1123 3601 Reg.
1141 3529 1242 3582 Al.
1278 3535 1416 3653 nus?
1467 3528 1813 3603 Egredtture]
1877 3527 2076 3588 Cassius
2131 3534 2341 3608 Longi-

245 3676 314 3724 26
352 3671 787 3740 Nunciatfamd]
830 3670 1033 3725 Merito
1074 3686 1239 3739 repre·
1350 3690 1418 3739 29
1453 3669 1524 3723 Et
1558 3669 1777 3723 cohortes
1801 3669 1882 3723 IV
1907 3688 1971 3731 ex
2004 3675 2052 3725 V
2077 3674 2124 3726 le
2164 3672 2335 3750 ione]

157 3740 362 3796 hendit
425 3742 667 3796 Davisius
737 3741 1128 3816 Glandorpium
1194 3740 1242 3792 &
1282 3740 1513 3810 Scaliger
1560 3740 1610 3792 &
1653 3740 1987 3796 Recentiores
2026 3693 2331 3798 edifex-unt·

158 3811 541 3875 Ciacconium,
581 3813 696 3883 qui,
736 3812 869 3865 hanc
922 3810 1240 3863 locutionem
1282 3811 1370 3877 [6:05
1409 3809 1629 3863 cohortes
1651 3811 1741 3874 IV,
1779 3812 1830 3863 ’ὅτ
1853 3813 1902 3862 V
1936 3812 2130 3882 legio.]
2233 3784 2340 3869 uod

157 3882 282 3936 fine
305 3882 467 3936 causa
507 3882 790 3951 suspefiam
832 3883 1101 3944 babentes,
1150 3896 1241 3932 ne·
1281 3879 1363 3931 vel
1387 3897 1656 3943 mancum,
1683 3880 1764 3933 vel
1791 3894 2113 3952 corruptum.
2185 3886 2231 3936 E
2273 3885 2337 3937 it.

139 3950 285 4005 scio
331 3954 463 4023 quid
509 3952 1086 4008 emendatiuncularum
1127 3950 1246 4017 sunt
1279 3949 1438 4002 Rom.
1496 3951 1586 4018 [ὅ
1611 3961 1716 4003 tres
1753 3951 1973 4003 cohortes
2011 3969 2080 4005 ex
2118 3952 2342 4008 secund&

152 4023 478 4076 commenti.
848 4056 851 4058 Α
1278 4019 1486 4088 legione,
1522 4020 1573 4070 sc
1599 4021 1649 4072 V
1664 4020 1856 4089 legio.]
1895 4021 2024 4074 MS.
2062 4023 2198 4093 Reg.
2249 4027 2341 4092 [ὅ

247 4111 314 4158 ²7
340 4086 592 4174 Ilurgim]
623 4093 795 4147 MSS.
822 4091 1040 4163 Leptim.
1112 4092 1244 4170 Qae
1280 4088 1499 4141 cohortes
1512 4090 1594 4141 IV
1608 4107 1675 4143 ex
1690 4091 1777 4143 XI
1791 4090 1840 4142 le
1872 4092 1998 4153 ione,
2018 4091 2069 4146 &
2088 4093 2138 4144 V
2142 4091 2335 4163 legio-J

148 4162 430 4234 quoniam·
450 4163 659 4218 Afncae
702 4165 832 4216 urbs
854 4163 944 4227 est,
983 4178 1091 4215 non
1114 4159 1237 4211 His·
1281 4160 1384 4211 MS
1410 4159 1608 4215 Eliens.
1654 4161 1745 4231 [ὅ
1769 4175 1822 4215 co
1856 4170 1986 4217 ortes
2007 4160 2086 4215 IV
2111 4180 2178 4220 ex
2202 4162 2249 4217 V
2262 4163 2339 4218 le-

141 4231 372 4307 paniae3
429 4233 770 4308 reposuerunt
825 4250 891 4289 ex
943 4227 1240 4305 conjeekura
1277 4229 1490 4301 gion]-
