2909 4875
372 656 2165 776 ARGUMENTUM„

167 871 218 939 I.
249 877 444 966 Cesar
469 877 532 940 in
559 875 829 967 Africam
848 879 1254 970 prffictstitur.
1347 873 1475 940 III.
1526 877 1969 962 Exercitumque
1992 876 2220 964 exponit
2233 881 2319 943 ad

201 1006 202 1011 κ
241 967 635 1036 Adrumetum.
700 969 826 1037 IV.
858 974 1005 1038 Cum
1024 973 1302 1060 Considio,
1332 971 1400 1043 de
1420 972 1694 1035 tradendo
1715 969 2054 1049 Adrumeto,
2064 974 2313 1062 frustra

238 1060 383 1144 agit.
475 1059 562 1124 V.
611 1062 753 1127 Inde
779 1066 967 1152 castra
1015 1079 1201 1128 movet
1225 1060 1313 1126 ad
1337 1061 1685 1150 Ruspinam.
1775 1057 1900 1125 VI.
1946 1060 2194 1146 Indeque
2234 1063 2320 1127 ad

241 1149 491 1236 Leptin3
537 1178 706 1237 quam
725 1156 941 1244 statim
972 1169 1234 1240 occupat.
1326 1150 1488 1215 VII.
1536 1154 1731 1238 quue
1755 1151 1987 1217 auxilia
2022 1170 2309 1223 convocat·

240 1239 436 1308 VIII.
482 1245 714 1311 Deinde
744 1246 1281 1338 Ruspinam-redit,
1323 1245 1916 1333 adfrumentandum.
2004 1240 2131 1308 IX.
2166 1247 2338 1327 Ubi,-

239 1356 359 1400 cum
387 1335 550 1427 claffl
575 1337 826 1403 navibus
836 1339 969 1428 suis
996 1339 1280 1402 onerariis
1291 1337 1543 1424 jamjam
1556 1338 1807 1427 subsidio
1834 1337 2055 1423 iturus,
2099 1360 2194 1402 eas
2213 1362 2314 1405 nec

236 1427 472 1515 opinans
509 1430 785 1514 repperit.
875 1428 1002 1493 XI.
1051 1430 1511 1519 Conflictationes
1556 1430 1809 1518 Caesaris
1856 1452 1981 1493 cum
2027 1428 2310 1504 Labieno,

230 1529 403 1603 prope
429 1516 780 1609 Ruspinam.
867 1516 1096 1585 XVII.
1142 1521 1413 1585 Petreius
1440 1522 1511 1584 ξεῖ
1540 1519 1704 1610 Pifi,
1732 1519 1983 1610 subs1d1‘0
2007 1536 2315 1587 occurrunt

234 1608 488 1674 Labieno
513 1635 537 1676 .·
582 1610 719 1700 ¹Qui
744 1627 930 1678 tamen
957 1637 1139 1677 omnes
1157 1613 1383 1677 tandem
1411 1610 1791 1697 repelluntur.
1882 1607 2149 1677 XVIII.
2178 1613 2313 1678 La·-

235 1699 386 1766 bieni
411 1701 704 1787 copiarum
747 1727 1041 1781 numerus,
1085 1704 1310 1793 ejusque
1350 1703 1703 1789 confidentia.
1794 1699 1989 1766 XIX.
2039 1702 2229 1790 Scipio
2238 1706 2314 1795 fi
2370 1756 2381 1773 ,

231 1792 523 1877 conjungit
550 1793 827 1859 Labieno.
881 1852 884 1857 .
917 1796 1114 1883 Caesar
1134 1798 1320 1881 castra
1329 1796 1449 1884 sua
1475 1795 1683 1858 munit.
1769 1791 1970 1881 XXI.
2007 1788 2316 1880 Pompeius

220 1882 412 1968 filius,
463 1885 698 1948 Catonis
719 1884 977 1964 hortatu,
1023 1885 1227 1950 bellum
1245 1901 1470 1973 parat3
1499 1886 1612 1975 sed
1648 1885 1982 1975 infeliciter.
2074 1884 2309 1952 XXII.

236 1976 439 2067 Caesar
456 1980 759 2068 frumenti
779 1981 973 2066 inopia*
1000 1979 1246 2044 laborat.
1335 1977 1601 2043 XXIII.
1650 1977 1783 2041 Rex
1809 1979 2005 2067 Juba,
2057 1977 2315 2066 Scipioni
2434 2032 2439 2043 .

232 2071 453 2135 auxilio
473 2073 797 2160 profectus,
842 2073 925 2135 ad
970 2074 1203 2155 regnum
1237 2074 1414 2162 suum
1467 2086 1664 2134 contra
1708 2070 1997 2153 Bogudem
2040 2073 2310 2138 tuendum

233 2179 561 2228 revocatur.
652 2161 918 2228 XXIV.
968 2165 1167 2254 Caestzr
1192 2189 1314 2227 cum
1362 2163 1605 2251 hostibus
1654 2165 1943 2226 decernere
1989 2162 2313 2246 instituens,

229 2256 463 2322 auxilia
492 2257 739 2342 undique
780 2272 1062 2321 convocat.
1151 2255 1375 2320 XXV.
1423 2257 1728 2342 Scipionis,
1771 2255 2085 2342 elephantos
2111 2261 2313 2324 condo-

227 2350 543 2440 cesaciendi
577 2350 753 2415 ratio.
841 2347 1106 2413 XXVI.
1154 2350 1288 2412 Una
1335 2372 1405 2412 ex
1453 2349 1704 2439 Caesaris
1751 2349 2000 2414 navibus
2044 2351 2119 2415 ab
2167 2350 2315 2441 hoste

228 2445 486 2528 capitur.
603 2440 903 2508 XXVII.
979 2443 1270 2509 Labienus
1340 2442 1557 2528 Leptin
1649 2457 1965 2529 oppugnat,
2030 2446 2307 2535 fristra.

227 2531 569 2610 XXVIII.
619 2537 807 2621 Scipio
824 2537 1009 2621 copias
1011 2537 1159 2625 snas
1185 2536 1371 2599 educit
1395 2562 1417 2624 ⁰,
1461 2536 1807 2625 Caesarficos
1833 2535 1897 2601 in
1911 2534 2112 2625 castris
2132 2553 2307 2606 tenet.

227 2625 499 2692 XXIX.
548 2630 827 2692 Numidae
864 2628 1171 2714 Getulique
1216 2628 1522 2714 complures
1547 2630 1631 2692 ad
1671 2629 1956 2718 Caesarem
1983 2630 2310 2721 transeunt.

225 2717 464 2786 XXX.
556 2720 1060 2807 Acilla-,oppidum‚
1106 2722 1146 2785 ἃ
1180 2722 1407 2810 Caesare
1420 2720 1749 2807 praefidium
1768 2720 1922 2806 petit
1942 2746 1966 2799 3
1986 2722 2313 2809 statimque
2384 2777 2385 2780 ,

225 2817 299 2876 ab
330 2814 481 2898 hcfie
508 2816 803 2901 obsidetur.
895 2814 1160 2878 XXXI.
1210 2815 1408 2903 Caesar
1457 2815 1706 2896 navibus
1724 2814 1971 2879 auxilia
2021 2819 2308 2906 frumen-
2344 2813 2347 2814 ⁷

223 2912 459 2993 tumque
487 2909 713 2993 accipit.
777 2907 1071 2972 XXXII.
1121 2908 1324 2984 Geruli
1349 2907 1653 2993 complures
1673 2906 1990 2992 a‘Scipion‘e
2008 2910 2310 2999 adspecu-

222 3002 461 3076 landum
487 3003 653 3088 mtff,
697 3004 995 3090 transeunt
1020 3003 1103 3065 ad
1126 3002 1426 3089 Caesarem.
1516 2998 1851 3064 XXXIII.
1899 3001 2049 3086 Cato
2077 3004 2313 3069 auxilia
2386 2984 2400 3030 7
2442 3035 2445 3038 ·

221 3098 410 3160 mittit
457 3097 754 3180 Scipioni3
818 3094 1032 3185 Tzsdra
1083 3096 1345 3180 oppidum
1394 3094 1433 3157 ἃ
1485 3094 1717 3182 Ccesare
1748 3094 2082 3181 praestdium
2104 3159 2107 3162 ,
2129 3100 2304 3181 petit.

225 3185 567 3250 XXXIV.
591 3188 791 3275 Caesar
797 3186 992 3275 subito
1008 3186 1317 3274 castrafiea
1327 3200 1535 3262 movet,
1560 3187 1631 3247 Εἴ
1648 3186 1979 3263 communit3
2003 3187 2304 3277 hostesque,

218 3281 300 3341 ad
329 3293 510 3364 opera
549 3280 668 3366 sua
712 3279 1064 3363 impedienda
1112 3277 1366 3364 egrcffis,
1431 3275 1641 3360 magnei
1682 3300 1805 3339 cum
1853 3276 2021 3341 clade,
2049 3282 2300 3366 repellit.

219 3370 636 3452 XXXVIII.
685 3369 1032 3461 ¹Quofab'to,
1076 3370 1277 3458 Caesar
1305 3369 1491 3454 copias
1500 3371 1648 3459 suas
1674 3368 1905 3446 educit·;
1950 3369 2120 3457 hostes
2140 3375 2212 3463 se
2238 3375 2303 3439 in

215 3464 424 3550 castris
500 3451 712 3528 t'enent.
833 3459 983 3524 XL.
1068 3460 1260 3525 Acilla
1327 3462 1594 3548 obfidione
1675 3460 1981 3548 liberatur.
2112 3463 2306 3549 XLI.

215 3554 596 3638 Centurionis
624 3553 978 3642 Caesareani,
1039 3552 1077 3614 ἃ
1121 3551 1377 3637 Scipione
1425 3553 1604 3637 capti,
1649 3552 1805 3614 mira
1833 3539 2179 3642 firtitud03
2227 3559 2300 3620 ἐξ

214 3647 507 3734 Scipionis
555 3645 886 3728 crudelitas.
975 3641 1198 3708 XLII.
1245 3643 1542 3727 Magnum
1572 3645 1966 3709 incommodum
2009 3673 2078 3724 ex
2104 3650 2300 3737 subito

215 3741 404 3803 nimbo
433 3752 745 3822 acceptum.
833 3733 1090 3801 XLIII.
1123 3734 1269 3799 ,Rex
1296 3736 1490 3824 Juba‚
1534 3735 1756 3818 magnis
1783 3761 1905 3802 cum
1929 3740 2124 3826 copiis,
2172 3741 2300 3805 Sci-

202 3832 373 3915 pioni
399 3826 629 3893 auxilio
655 3828 839 3890 venit.
929 3822 1184 3890 XLIV.
1232 3827 1458 3916 Caesar,
1509 3827 1712 3910 dejecto
1743 3827 1992 3893 Labieni
2010 3831 2300 3917 praestdio‚
2370 3855 2371 3858 ¹

211 3924 402 3986 collem
432 3933 691 4004 occupat.
781 3916 1001 3981 XLV.
1033 3917 1286 4009 Caesaris
1310 3933 1504 4003 opera,
1538 3919 1620 3981 ad
1637 3920 1822 4006 castra
1829 3921 1949 4009 sua
1971 3923 2297 3988 munienda.

209 4010 480 4078 XLVI.
533 4011 704 4098 Juba
728 4011 799 4073 δ’
822 4009 1140 4087 Labienus,
1197 4011 1585 4100 Caesareanos,
1629 4011 1702 4071 ab
1753 4025 1914 4095 opere
1956 4027 2304 4079 revertentes

202 4105 476 4193 aggreffl,
512 4102 723 4186 magne?
738 4126 860 4164 cum
882 4101 1039 4164 clade
1067 4102 1447 4187 repelluntur.
1540 4098 1833 4164 XLVII.
1881 4103 2046 4167 Duae
2069 4103 2307 4186 legiones

205 4197 443 4291 Caesari
481 4193 709 4261 auxilio
759 4192 1138 4341 adveniunt.D
1184 4183 1533 4341 cXLVIII.¹
1572 4190 1771 4280 Caejar
1827 4195 2309 4345 exemplummeicg}
