2909 4875
880 261 1811 343 FRAGMENTA:

471 432 563 497 Ex
586 437 791 524 ig'sdem,
833 445 921 498 uti
943 440 1242 525 verqfimile
1276 445 1370 520 est,
1414 465 1516 501 non
1540 437 1809 517 adscripto
1834 453 2010 503 tamen
2036 431 2133 502 ubi

1010 527 1313 587 laudantur
1334 526 1499 587 libro.

290 612 454 682 Mihi
479 637 676 686 autem
697 628 892 708 placet
915 629 1193 690 Latinam
1219 618 1510 690 rationem
1539 627 1700 708 sequi
1728 628 2030 711 quousque
2057 629 2281 710 patitur
2301 632 2404 695 de-

168 706 330 788 Αὲοῒ.
417 707 630 788 Neque
671 714 831 774 enim
869 716 996 792 jam
1047 718 1384 796 Calypsonem
1412 716 1686 785 dixerim,
1732 730 1797 774 ut
1842 719 2150 796 Junon‘em3
2213 741 2402 799 quan·

201 807 388 867 quam
415 793 637 858 secutos
678 802 953 881 antiquos
985 804 1060 863 C.
1103 804 1317 877 Caesar,
1362 803 1550 865 utitur
1599 803 1710 862 hac
1755 804 1985 863 ratione
2036 805 2398 870 declinandi.

205 877 652 954 Qinstilianus
678 887 781 947 lib.
815 909 876 947 v.
910 905 1030 967 cap.
1065 908 1128 949 ν.
2127 957 2132 964 ,

198 974 215 1044 Ἀ
278 963 374 1022 Μ.
408 966 649 1029 Tullius
672 978 725 1030 δι
756 972 830 1034 C.
863 973 1079 1045 Caesar,
1122 975 1325 1034 mordeo
1353 976 1606 1034 memordi
1626 995 1645 1046 ς
1680 985 1859 1056 pungo
1894 981 2097 1059 pepugi
2114 1001 2133 1049 3
2162 978 2394 1056 spondeo

178 1045 469 1127 spepondi,
512 1055 806 1118 dixerunt.
853 1061 934 1120 A.
967 1061 1158 1121 Gellii
1184 1061 1287 1120 lib.
1317 1081 1443 1120 vn.
1476 1075 1597 1138 cap.
1634 1081 1728 1119 IX·

204 1137 214 1144 ’
280 1133 358 1194 C.
383 1137 573 1199 Caesar
597 1142 683 1201 ait
709 1146 754 1202 L
782 1144 982 1205 littera
1007 1146 1372 1205 nominativo
1399 1145 1675 1225 singulari
1702 1158 1911 1205 neutro
1935 1146 2103 1206 finita
2122 1148 2387 1224 nomina,

191 1220 447 1282 eandem
487 1225 892 1290 definitionem
933 1252 1161 1310 capere,
1204 1252 1381 1311 quam
1424 1232 1663 1312 capiant
1710 1235 1762 1293 E
1802 1232 2003 1292 littera
2046 1235 2382 1297 terminata.

103 1330 114 1340 ·
190 1308 347 1366 Huic
385 1313 638 1385 animali,
684 1322 737 1374 a:
782 1317 856 1377 ab
899 1319 993 1377 boc
1035 1319 1269 1379 animali
1286 1342 1306 1391 ς
1372 1319 1498 1378 huic
1523 1318 1760 1398 puteali,
1805 1327 1858 1379 δε
1898 1320 1974 1379 ab
2015 1322 2111 1380 hoc
2147 1321 2383 1399 puteali.

198 1392 495 1455 Charisius
520 1399 625 1458 lib.
664 1421 718 1462 ι.
743 1402 839 1461 col.
868 1424 966 1484 95.

246 1481 547 1561 ,Aplustra
592 1488 880 1549 Omnium
908 1489 1236 1562 nominum,
1279 1510 1410 1570 quae
1438 1491 1571 1551 sunt
1617 1489 1809 1549 neutri
1855 1491 2084 1569 generis
2132 1498 2184 1553 δε
2223 1491 2286 1550 in
2332 1495 2388 1555 E

192 1567 609 1642 terminantur,
636 1573 721 1633 ait
748 1576 995 1644 Plinius,
1029 1576 1313 1636 Caesarem
1336 1575 1489 1636 sciffe
1510 1576 1740 1636 eosdem
1761 1576 1869 1634 effe
1897 1575 2207 1648 ablativos,
2238 1599 2384 1658 qua-

185 1651 271 1711 les
295 1651 426 1711 sunt
445 1655 633 1716 dativi
656 1660 992 1739 singulares.
1079 1663 1372 1721 Charisius
1390 1663 1496 1721 lib.
1537 1681 1588 1724 1.
1622 1661 1720 1722 col.
1754 1666 1853 1740 98.

267 1738 345 1806 A,
372 1740 450 1810 R,
491 1740 703 1803 litteris
730 1747 971 1804 nomina
996 1747 1286 1806 neutralia
1313 1748 1645 1817 terminata,
1690 1746 1775 1804 ait
1803 1745 2013 1816 Caesar,
2038 1747 2199 1825 qubd
2227 1746 2382 1808 dati·

183 1840 263 1881 vo
292 1827 345 1879 δε
373 1825 632 1888 ablativo
659 1830 788 1907 pari
811 1831 942 1907 jure
972 1831 1298 1911 funguntur
1321 1856 1340 1904 ;
1385 1846 1450 1892 ut
1475 1831 1633 1891 idem
1654 1830 1885 1891 'Plinius
1908 1831 2128 1893 scribit.
2217 1834 2378 1892 Cha·

183 1908 355 1970 sifius
383 1909 484 1969 lib.
524 1933 577 1972 1.
608 1915 706 1973 col.
737 1921 836 1996 98.

265 1992 478 2071 Jubar.
512 1998 736 2059 Plinius
765 2001 850 2060 ait
874 2001 1028 2064 inter
1047 2017 1256 2062 caetera
1295 2002 1477 2061 etiam
1503 1999 1652 2059 istud
1672 1999 1959 2060 Caesarem
1981 2001 2198 2062 dediss‘e
2228 2023 2377 2081 prae-

182 2093 449 2156 ceptum,
492 2084 653 2161 quod
691 2100 901 2145 neutra
943 2086 1205 2159 nomina,
1248 2091 1370 2147 AR
1418 2085 1784 2145 nominativo
1824 2088 2038 2157 clausa,
2080 2109 2184 2166 per
2211 2090 2251 2147 I
2272 2092 2416 2148 da*

177 2164 375 2224 tivum
414 2165 857 2250 ablativumque
890 2171 1200 2250 singulares
1228 2173 1560 2232 ostendant:
1606 2170 1801 2256 Jubar
1841 2186 2034 2230 tamen
2065 2180 2115 2231 8ι
2136 2174 2258 2231 Far
2299 2176 2377 2234 ab

176 2248 292 2308 hac
319 2251 525 2327 regula
565 2253 857 2315 diffidere:
903 2255 1061 2315 Nam
1090 2258 1215 2314 huic
1242 2256 1449 2335 jubari
1487 2253 1761 2324 dicimus,
1796 2254 1871 2317 ab
1905 2255 2264 2336 h3cjubare3
2310 2265 2365 2320 δε

173 2338 516 2417 huic-sarri,
564 2339 638 2398 ab
662 2343 759 2400 hb'c
763 2348 960 2422 farre.
1049 2343 1345 2401 Charisius
1372 2341 1474 2401 lib.
1516 2363 1567 2401 1.
1602 2339 1698 2400 col.
1741 2348 1869 2401 108.
1993 2351 1998 2369 ²

255 2424 350 2481 Ac
377 2443 450 2482 ne
475 2423 580 2484 illa
605 2426 756 2486 ratio
782 2443 1016 2506 recepta
1040 2428 1141 2497 est,
1181 2449 1357 2507 quam
1404 2425 1597 2486 Caesar
1621 2426 1791 2505 ponit
1835 2427 1897 2486 in
1927 2426 2251 2501 femininis,
2296 2442 2365 2490 ut

155 2515 408 2586 puppim,
452 2514 667 2590 vestim,
701 2511 955 2590 pelvim:
998 2513 1136 2572 Ηόε
1163 2513 1322 2573 enim
1349 2511 1526 2573 modo
1556 2518 1604 2570 &
1653 2510 1726 2571 ab
1753 2513 1852 2572 hb'c
1875 2519 2023 2585 cani;
2069 2521 2121 2574 &
2149 2514 2224 2574 ab
2263 2515 2363 2575 hb‘c

164 2619 320 2655 cane.
408 2596 700 2657 Charinus
725 2599 828 2657 lib.
864 2619 912 2657 1.
1717 2612 1722 2615 “

248 2680 472 2740 Tribus
503 2684 568 2753 I,-
602 2685 659 2753 I,
704 2685 760 2754 I,
794 2682 1021 2765 junais,
1055 2683 1249 2762 qualis
1279 2685 1464 2762 poss'et
1500 2682 1718 2762 syllaba
1757 2684 2176 2761 pronunciari?
2220 2704 2358 2753 nam

165 2764 518 2844 postremum
549 2768 587 2824 I
608 2787 713 2845 pro
737 2767 925 2826 vocali
947 2768 1024 2825 est
1051 2767 1456 2845 accipiendum
1479 2793 1498 2837 ;
1542 2764 1700 2845 quod
1735 2764 1949 2825 Caesari
1976 2769 2114 2826 artis
2139 2769 2359 2831 Gram-

165 2848 400 2909 maticae
419 2850 734 2910 doaiffimo
759 2853 1043 2931 placitum
1074 2851 1260 2924 fuiffe,
1306 2852 1341 2909 ὲ
1361 2852 1601 2911 νὶᾶοτε
1628 2869 1864 2930 quoque
1886 2851 1950 2909 in
1982 2866 2101 2911 arte
2134 2852 2356 2912 Gram-

160 2932 386 2993 matica
412 2933 485 2993 de
509 2934 739 3013 syllabis
766 2934 1199 3015 comprobatur.
1283 2936 1608 2995 Priscianus
1635 2934 1738 2995 lib.
1780 2956 1831 2997 ι.
1862 2935 1959 2994 col.
1994 2957 2129 3018 545.

235 3022 329 3101 ·V,r
364 3019 493 3079 loco
521 3021 888 3081 consonantis
915 3022 1122 3100 pofita,
1164 3021 1410 3082 eandem
1437 3021 1666 3100 prorsus
1694 3020 1757 3079 in
1795 3022 2065 3083 omuibus
2093 3022 2215 3081 vim
2243 3023 2349 3082 ha-

160 3104 299 3164 buit
324 3106 483 3185 ‘apud
503 3108 770 3179 Latinos,
812 3129 991 3187 quam
1019 3107 1177 3187 apud
1204 3108 1406 3169 AEoles
1424 3108 1734 3186 'digamma
1753 3110 1827 3177 F,
1869 3128 1976 3186 pro
2008 3129 2127 3188 quo
2159 3110 2351 3170 Caesar

150 3191 313 3253 hanc
341 3194 587 3272 figuram
616 3195 661 3254 F
680 3194 925 3254 scribere
946 3195 1158 3255 voluit.
1245 3194 1431 3275 de
1459 3191 1725 3273 quamvis
1753 3192 1847 3251 illi
1863 3193 2014 3253 reste
2038 3194 2225 3254 visum
2243 3197 2346 3270 cst,

152 3291 359 3337 tamen
388 3278 1017 3359 consuetudoantiqua
1045 3281 1355 3358 superavit.
1440 3278 1765 3337 Priscianus
1791 3276 1895 3336 lib.
1922 3298 1970 3337 1.
2003 3279 2100 3338 col.
2137 3301 2271 3363 545.

236 3364 375 3421 Haec
390 3362 557 3439 polles
574 3363 819 3440 pollinis,
862 3365 936 3423 fic
982 3364 1298 3424 Charisius.
1382 3362 1604 3423 Probus
1652 3376 1851 3421 autem
1894 3368 1948 3421 &
1996 3363 2208 3435 Caesar,
2251 3365 2348 3429 boc

128 3446 320 3527 pollen
331 3447 554 3524 pollinis
580 3450 1043 3509 declinaverunt.
1125 3448 1446 3507 Priscianus
1473 3446 1576 3505 lib.
1611 3467 1711 3508 vl.
1744 3446 1841 3504 col.
1875 3452 2012 3525 708.
2171 3468 2174 3471 “

231 3534 515 3593 Praeterea
555 3535 748 3595 Caesar
791 3536 1072 3604 declinat,
1106 3535 1270 3612 pubis
1315 3535 1577 3612 puberis:
1641 3531 1928 3610 Qidam,
1975 3548 2041 3592 ut
2087 3534 2339 3610 Probus,

128 3616 311 3698 picbes
324 3616 545 3694 puberis
565 3643 587 3677 .·
635 3620 918 3699 Qidam,
950 3618 1123 3697 puber
1140 3620 1381 3698 puberis.
1467 3616 1791 3676 Priscianus
1816 3615 1918 3675 lib.
1944 3637 2037 3677 VI.
2069 3618 2167 3678 col.
2191 3641 2330 3699 707.

231 3702 517 3783 Qamvis
544 3704 736 3763 Caesar
763 3726 880 3764 non
925 3704 1250 3785 incongrue
1284 3705 1507 3785 potulit
1547 3725 1634 3762 ens
1662 3701 1698 3762 ὲ
1723 3701 1901 3761 verbo
1926 3705 2073 3780 stem,
2116 3729 2191 3777 es,
2236 3711 2329 3788 est.

136 3789 474 3849 Priscianus
501 3788 601 3847 lib.
629 3810 834 3850 xvux.
1965 3794 1968 3795 ⁷

221 3875 341 3933 Hoc
390 3873 557 3931 lutum
606 3889 783 3951 atque
843 3872 1114 3937 macellum
1172 3869 1539 3951 singulariter
1583 3871 1740 3931 exire
1804 3887 2098 3934 memento
2125 3899 2142 3945 ς
2190 3874 2334 3936 licet

136 3956 472 4021 Memmius
515 3962 618 4036 ista
663 3958 886 4015 macella
915 3957 1097 4027 dicat,
1143 3964 1191 4018 δι
1241 3956 1430 4015 Caesar
1476 3957 1615 4015 luta.
1699 3959 1788 4017 Ex
1815 3957 1992 4017 Velio
2026 3961 2234 4038 Longo
2268 3965 2356 4041 da,

134 4042 413 4119 Orthogr.
441 4040 542 4099 col.
578 4062 751 4120 2244.
1234 4094 1243 4101 ι
2291 4086 2294 4087 ⁷

217 4129 505 4185 Lacrumae
535 4144 609 4181 an
637 4128 932 4193 Lacrimae,
977 4125 1266 4181 Maxumus
1313 4144 1386 4181 an
1428 4124 1729 4191 Maximus,
1776 4130 1826 4182 sc
1877 4124 1915 4182 fi
1954 4148 2082 4203 quae
2120 4124 2292 4186 simili

122 4211 297 4283 sunt,
320 4208 493 4272 scribi
512 4208 788 4283 debeant,
817 4209 1113 4291 quaesitum
1120 4208 1266 4353 Ieglz.k
1312 4209 1630 4269 Terentius
1656 4210 1845 4271 Varro
1874 4210 2118 4273 tradidit
2137 4209 2352 4273 ΟεεΓει-’

1304 4312 1340 4354 2
1860 4368 1866 4373 .
2199 4314 2330 4371 ΐθῑῑλ

2503 301 2653 382 499
2727 389 2730 392 ,
